@book{pomerantz_2015,
 ISBN = {9780262528511},
 URL = {http://www.jstor.org/stable/j.ctt1pv8904},
 author = {Pomerantz, Jeffrey},
 publisher = {The MIT Press},
 title = {Metadata},
 year = 2015, 
 keywords = {metadata, information organization}
}

@book{weapons_of_math_destruction,
author = {O'Neil, Cathy},
title = {Weapons of Math Destruction: How Big Data Increases Inequality and Threatens Democracy},
year = {2016},
isbn = {0553418815},
publisher = {Crown Publishing Group},
address = {USA}
}

@book{data_feminism,
author = {D'Ignazio, Catherine  AND Klein, Lauren},
title = {Weapons of Math Destruction: How Big Data Increases Inequality and Threatens Democracy},
year = {2020},
isbn = {9780262358538},
publisher = {MIT Press},
address = {Boston:USA}
}


 
