@article{templ_software_2016,
	title = {The {Software} {Environment} {R} for {Official} {Statistics} and {Survey} {Methodology}},
	volume = {45},
	url = {http://www.ajs.or.at/index.php/ajs/article/viewFile/vol45-1-7/272},
	doi = {doi:10.17713/ajs.v45i1.100},
	language = {en},
	urldate = {2017-06-24},
	journal = {Austrian Journal of Statistics},
	author = {Templ, Matthias and Todorov, Valentin},
	month = mar,
	year = {2016},
	keywords = {R, statistical software, survey},
	pages = {97--124}
}


@misc{de_jonge_introduction_2013,
	title = {An introduction to data cleaning with {R}},
	url = {http://www.markvanderloo.eu/files/statistics/2013-13-x10-pub.pdf},
	language = {en},
	urldate = {2017-06-25},
	publisher = {Statistics Netherlands},
	author = {de Jonge, E and van der Loo, M},
	year = 2013
}

@misc{van_der_loo_distribution_2010,
	title = {Distribution based outlier detection for univariate data. {Discussion} paper 10003.},
	url = {https://www.cbs.nl/-/media/imported/documents/2010/15/2010-03-x10-pub.pdf},
	language = {en},
	urldate = {2017-12-15},
	publisher = {Statistics Netherlands},
	author = {van der Loo, M.P.J},
	year = 2010,
	keywords = {extreme values, methodology, statistics}
}

@article{wickham_tidy_2014,
	title = {Tidy {Data}},
	volume = {59},
	copyright = {Copyright (c) 2013 Hadley  Wickham},
	issn = {1548-7660},
	url = {https://www.jstatsoft.org/index.php/jss/article/view/v059i10},
	doi = {10.18637/jss.v059.i10},
	language = {en},
	number = {1},
	urldate = {2019-07-07},
	journal = {Journal of Statistical Software},
	author = {Wickham, Hadley},
	month = sep,
	year = 2014,
	pages = {1--23}
}


@techreport{dhernoncourt_input-output_2011,
	address = {Brussels},
	title = {Input-{Output} {Multipliers} – {Specific} ation sheet and supporting material, {Spicosa} {Project} {Report}.},
	url = {http://www.coastal-saf.eu/output-step/pdf/Specification%20sheet%20I_O_final.pdf},
	language = {en},
	urldate = {2016-03-29},
	institution = {Université Libre de Bruxelles – CEESE},
	author = {D’Hernoncourt, J and Cordier, M and Hadley, D},
	year = {2011},
	keywords = {algebra, input-output, leontief, methodology, multipliers, sna}
}
