@misc{pwc_valuing_2008,
	title = {Valuing the use of recorded music},
	url = {http://www.ifpi.org/content/library/valuing_the_use_of_recorded_music.pdf},
	language = {en},
	urldate = {2013-07-18},
	publisher = {IFPI PricewaterhouseCoopers},
	author = {{PwC}},
	year = 2008
}

@book{smith_monetization_2014,
	location = {Geneva, Switzerland},
	title = {Monetization of Copyright Assets by Creative Enterprises},
	isbn = {978-92-805-2455-0},
	url = {https://www.wipo.int/edocs/pubdocs/en/copyright/955/wipo_pub_955.pdf},
	series = {Creative Industries},
	pagetotal = {102},
	number = {Booklet No. 7},
	publisher = {World Intellectual Property Organization},
	author = {Smith, Gordon and Yossifov, Vladimir},
	urldate = {2020-05-06},
	date = {2014},
	year = 2014,
	keywords = {creative industries, valuation, {WIPO}}
}

@online{puca_intangible_2019,
	title = {The Intangible Valuation Renaissance: Five Methods},
	url = {https://blogs.cfainstitute.org/investor/2019/01/11/a-renaissance-in-intangible-valuation-five-methods/},
	titleaddon = {Enterprising Investor},
	author = {Puca, Antonella and Zyla, Mark L.},
	urldate = {2020-05-06},
	date = {2019-01-11},
	year = 2019,
	month = 1,
	langid = {english}
}